<?xml version="1.0" encoding="UTF-8"?><record xmlns="http://www.loc.gov/MARC21/slim" xmlns:cinclude="http://apache.org/cocoon/include/1.0" xmlns:zs="http://www.loc.gov/zing/srw/">
  <leader>00479cz  a2200133n  4500</leader>
  <controlfield tag="001">n  79100893 </controlfield>
  <controlfield tag="003">DLC</controlfield>
  <controlfield tag="005">20060419052230.0</controlfield>
  <controlfield tag="008">790917n| acannaabn          |n aaa      </controlfield>
  <datafield tag="010" ind1=" " ind2=" ">
    <subfield code="a">n  79100893 </subfield>
    <subfield code="z">n  79100983 </subfield>
  </datafield>
  <datafield tag="035" ind1=" " ind2=" ">
    <subfield code="a">(OCoLC)oca00333005</subfield>
  </datafield>
  <datafield tag="040" ind1=" " ind2=" ">
    <subfield code="a">DLC</subfield>
    <subfield code="b">eng</subfield>
    <subfield code="c">DLC</subfield>
    <subfield code="d">DLC</subfield>
    <subfield code="d">OCoLC</subfield>
  </datafield>
  <datafield tag="100" ind1="1" ind2=" ">
    <subfield code="a">Lévai, Tibor</subfield>
  </datafield>
  <datafield tag="670" ind1=" " ind2=" ">
    <subfield code="a">Hungary. Laws, statutes, etc. Hatályos jogszabályok gyüjteménye, 1945-1977, 1978 (a.e.)</subfield>
    <subfield code="b">verso t.p. (Dr. Lévai Tibor, a legfőbb ügyész helyettese)</subfield>
  </datafield>
</record>